@article{Jaynes-information57,
  title = {Information Theory and Statistical Mechanics. II},
  author = {Jaynes, E. T.},
  journal = {Phys. Rev.},
  volume = {108},
  issue = {2},
  pages = {171--190},
  numpages = {0},
  year = {1957},
  month = {Oct},
  publisher = {American Physical Society},
  doi = {10.1103/PhysRev.108.171},
  url = {https://link.aps.org/doi/10.1103/PhysRev.108.171}
}
@article{Shannon-mathematical48,
author = {Shannon, C. E.},
title = {A Mathematical Theory of Communication},
journal = {Bell System Technical Journal},
volume = {27},
number = {3},
pages = {379-423},
doi = {https://doi.org/10.1002/j.1538-7305.1948.tb01338.x},
url = {https://onlinelibrary.wiley.com/doi/abs/10.1002/j.1538-7305.1948.tb01338.x},
eprint = {https://onlinelibrary.wiley.com/doi/pdf/10.1002/j.1538-7305.1948.tb01338.x},
year = {1948}
}

@book{Feinstein-foundations58,
	author = {Amiel Feinstein},
	year = {1958},
	publisher = {New York: Mcgraw-Hill},
	title = {Foundations of Information Theory}
}
