
@article{Legg-universal07,
   title = {Universal Intelligence: A Definition of Machine Intelligence},
	abstract = {A fundamental problem in artificial intelligence is that nobody really knows what intelligence is. The problem is especially acute when we need to consider artificial systems which are significantly different to humans. In this paper we approach this problem in the following way: we take a number of well known informal definitions of human intelligence that have been given by experts, and extract their essential features. These are then mathematically formalised to produce a general measure of intelligence for arbitrary machines. We believe that this equation formally captures the concept of machine intelligence in the broadest reasonable sense. We then show how this formal definition is related to the theory of universal optimal learning agents. Finally, we survey the many other tests and definitions of intelligence that have been proposed for machines.},
	author = {Legg, Shane and Hutter, Marcus},
	date = {2007-12-01},
	doi = {10.1007/s11023-007-9079-x},
	isbn = {1572-8641},
	journal = {Minds and Machines},
	number = {4},
	pages = {391--444},
	url = {https://doi.org/10.1007/s11023-007-9079-x},
	volume = {17},
	year = {2007},
}
@article{Pearl-causal95,
  title={Causal diagrams for empirical research},
  author={J. Pearl},
  journal={Biometrika},
  year={1995},
  volume={82},
  pages={669-688}
}
@ARTICLE{Shannon-info48,
  author =	 {Claude E. Shannon},
  title =	 {A mathematical theory of communication},
  journal =	 {The Bell System Technical Journal},
  year =	 {1948},
  volume =	 {27},
  pages =	 {379--423 and 623--656},
  number =	 {3}
}
@article{Szilard-intelligenter29,
  title =	 {{\"U}ber die {E}ntropieverminderung in einem
                  thermodynamischen {S}ystem bei {E}ingriffen
                  intelligenter {W}esen},
  author =	 {Leo Szilard},
  abstract =	 {Es wird untersucht, durch welche Umst{\"a}nde es
                  bedingt ist, da{\ss}man scheinbar ein Perpetuum
                  mobile zweiter Art konstruieren kann, wenn man ein
                  Intellekt besitzendes Wesen Eingriffe an einem
                  thermodynamischen System vornehmen
                  l{\"a}{\ss}t. Indem solche Wesen Messungen
                  vornehmen, erzeugen sie ein Verhalten des Systems,
                  welches es deutlich von einem sich selbst
                  {\"u}berlassenen mechanischen System
                  unterscheidet. Wir zeigen, da{\ss}bereits eine Art
                  Erinnerungsverm{\"o}gen, welches ein System, in dem
                  sich Messungen ereignen, auszeichnet, Anla{\ss}zu
                  einer dauernden Entropieverminderung bieten kann und
                  so zu einem Versto{\ss}gegen den zweiten Hauptsatz
                  f{\"u}hren w{\"u}rde, wenn nicht die Messungen
                  selbst ihrerseits notwendig unter Entropieerzeugung
                  vor sich gehen w{\"u}rden. Zun{\"a}chst wird ganz
                  universell diese Entropieerzeugung aus der Forderung
                  errechnet, da{\ss}sie im Sinne des zweiten
                  Hauptsatzes eine volle Kompensation darstellt
                  {$[$}Gleichung (1){$]$}. Es wird dann auch an Hand
                  einer unbelebten Vorrichtung, die aber (unter
                  dauernder Entropieerzeugung) in der Lage ist,
                  Messungen vorzunehmen, die entstehende Entropiemenge
                  berechnet und gefunden, da{\ss}sie gerade so
                  gro{\ss}ist, wie es f{\"u}r die volle Kompensation
                  notwendig ist: die wirkliche Entropieerzeugung bei
                  der Messung braucht also nicht gr{\"o}{\ss}er zu
                  sein, als es Gleichung (1) verlangt.},
  date =	 {1929/11/01},
  doi =		 {10.1007/BF01341281},
  id =		 {Szilard1929},
  isbn =	 {0044-3328},
  journal =	 {Zeitschrift f{\"u}r Physik},
  number =	 {11},
  pages =	 {840--856},
  volume =	 {53},
  year =	 {1929},
}

@Book{Maxwell-theory71,
  author =	 {James Clerk Maxwell},
  ALTeditor = 	 {},
  title = 	 {Theory of Heat},
  publisher = 	 {Longmans, Green and Co},
  year = 	 {1871},
  OPTkey = 	 {},
  OPTvolume = 	 {},
  OPTnumber = 	 {},
  OPTseries = 	 {},
  address =	 {London},
  OPTedition = 	 {},
  OPTmonth = 	 {},
  OPTnote = 	 {},
  OPTannote = 	 {},
  OPTpubmedid =  {},
  OPTdoi = 	 {},
  OPTlinkpdf = 	 {},
  OPTlinkps = 	 {},
  OPTlinkpsgz =  {},
  OPTlinksoftware = {},
  OPTabstract =  {},
  OPTgroup = 	 {}
}
@Book{Leff-maxwell90,
  editor = {Harvey S. Leff and Andrew F. Rex},
  title = {Maxwell's Demon: Entropy, Information, Computing},
  year = {1990},
  series = {Princeton Series in Physics},
  publisher = {Princeton University Press},
  ISBN  = {0-691-08726-1},
}
