@article{Jaynes-information-II-57,
  title = {Information Theory and Statistical Mechanics. {II}},
  author = {Jaynes, Edwin T.},
  journal = {Phys. Rev.},
  volume = {108},
  issue = {2},
  pages = {171--190},
  numpages = {0},
  year = {1957},
  month = {Oct},
  publisher = {American Physical Society},
  doi = {10.1103/PhysRev.108.171},
  url = {https://link.aps.org/doi/10.1103/PhysRev.108.171}
}
@article{Shannon-mathematical48,
author = {Shannon, Claude E.},
title = {A Mathematical Theory of Communication},
journal = {Bell System Technical Journal},
volume = {27},
number = {3},
pages = {379-423},
doi = {https://doi.org/10.1002/j.1538-7305.1948.tb01338.x},
url = {https://onlinelibrary.wiley.com/doi/abs/10.1002/j.1538-7305.1948.tb01338.x},
eprint = {https://onlinelibrary.wiley.com/doi/pdf/10.1002/j.1538-7305.1948.tb01338.x},
year = {1948}
}

@book{Feinstein-foundations58,
	author = {Amiel Feinstein},
	year = {1958},
	publisher = {New York: Mcgraw-Hill},
	title = {Foundations of Information Theory}
}
@InCollection{Jaynes-brandeis62,
title = {Statistical Physics},
author = {Edwin T. Jaynes},
booktitle = {Brandeis Theoretical Physics Lectures 1962},
volume = {3},
editor = {K. W. Ford},
publisher = {W. A. Benjamin, Inc.},
address = {New York},
year = {1963},
chapter = {4},
note = {Note that typographical errors occur in Eqs. 20, 49, 74, 78, 94, and the
  inequality preceding Eq. 90.}
  }
 @article{Einstein-brownian05,
  author =	 {Albert Einstein},
  title =	 {{\"U}ber die von der molekularkinetischen {T}heorie
                  der {W}\"arme geforderte {B}ewegung von in ruhenden
                  {F}l\"ussigkeiten suspendierten {T}eilchen},
  journal =	 {Annalen der Physik},
  volume =	 {322},
  number =	 {8},
  pages =	 {549--560},
  doi =		 {10.1002/andp.19053220806},
  year =	 {1905}
}
@article{Crooks-fluctuation99,
  title =	 {Entropy Production Fluctuation Theorem and the
                  Nonequilibrium Work Relation for Free Energy
                  Differences},
  author =	 {Gavin E. Crooks},
  journal =	 {Phys. Rev. E},
  volume =	 {60},
  issue =	 {3},
  pages =	 {2721--2726},
  year =	 {1999},
  month =	 {Sep},
  publisher =	 {American Physical Society},
  doi =		 {10.1103/PhysRevE.60.2721}
}
@article{Perrin-brownian10,
  author =	 {Jean Perrin},
  title =	 {Mouvement Brownien et Mol\'ecules},
  journal =	 {Journal de Chimie Physique},
  volume =	 {8},
  year =	 {1910},
  pages =	 {57--91},
  doi =		 {10.1051/jcp/1910080057}
}
@InCollection{Jaynes-engineering63,
author = {Edwin T. Jaynes},
title = {New Engineering Applications of Information Theory},
booktitle = {Engineering Uses of Random Function Theory and Probability},
editor = {J. Bogdanoff and F. Kozin},
year = {1963},
publisher = {Wiley},
address = {New York},
pdf = {https://bayes.wustl.edu/etj/articles/new.eng.app.pdf},
pages = {163-203}
}
@ARTICLE{Jaynes-decipherability59,
  author={Edwin T. Jaynes},
  journal={IRE Transactions on Information Theory}, 
  title={Note on unique decipherability}, 
  year={1959},
  volume={5},
  number={3},
  pages={98-102},
  doi={10.1109/TIT.1959.1057500},
  pdf = {https://bayes.wustl.edu/etj/articles/unique.dicipherability.pdf}
}

@article{Jaynes-information57,
  title = {Information Theory and Statistical Mechanics},
  author = {Jaynes, Edwin T.},
  journal = {Phys. Rev.},
  volume = {106},
  issue = {4},
  pages = {620--630},
  year = {1957},
  month = {May},
  publisher = {American Physical Society},
  doi = {10.1103/PhysRev.106.620},
  url = {https://link.aps.org/doi/10.1103/PhysRev.106.620}
}

@article{Dresden-transport61,
  title = {Recent Developments in the Quantum Theory of Transport and Galvanomagnetic Phenomena},
  author = {Max Dresden},
  journal = {Rev. Mod. Phys.},
  volume = {33},
  issue = {2},
  pages = {265--342},
  numpages = {0},
  year = {1961},
  month = {Apr},
  publisher = {American Physical Society},
  doi = {10.1103/RevModPhys.33.265},
  url = {https://link.aps.org/doi/10.1103/RevModPhys.33.265}
}
@article{Heims-theory62,
  title = {Theory of Gyromagnetic Effects and Some Related Magnetic Phenomena},
  author = {Heims, S. P. and Jaynes, Edwin T.},
  journal = {Rev. Mod. Phys.},
  volume = {34},
  issue = {2},
  pages = {143--165},
  numpages = {0},
  year = {1962},
  month = {Apr},
  publisher = {American Physical Society},
  doi = {10.1103/RevModPhys.34.143},
  url = {https://link.aps.org/doi/10.1103/RevModPhys.34.143}
}
@book{Jaynes-probability62,
author ={Edwin T. Jaynes},
title = {Probability Theory in Science and Engineering},
publisher = {McGraw Hill},
year = 1962,
note = {in press}
}

@book{Jeffreys-theory39,
    author = "Jeffreys, Harold",
    title = "{The Theory of Probability}",
    isbn = "978-0-19-850368-2, 978-0-19-853193-7",
    series = "Oxford Classic Texts in the Physical Sciences",
    series = {Oxford University Press},
    year = "1939"
}

@article{Ehrenfest-begriffliche11,
author = {Paul Ehrenfest and T. Ehrenfest},
title = {Begriffliche {G}rundlagen der statistischen {A}uffassung in der {M}echanik},
journal = {Encyklop√§die der mathematischen {W}issenschafte},
volume = {IV},
number = {32},
pages = {1--90},
year = 1911
}
@article{Jaynes-cox-review63,
author = {Edwin T. Jaynes},
title = {Review of The Algebra of Probable Inference by {R}ichard {T.} Cox},
journal = {American Journal of Physics},
volume = {31},
number = {1},
pages = {66-67},
year = {1963},
doi = {10.1119/1.1969248},

URL = { 
        https://doi.org/10.1119/1.1969248
    
},
eprint = { 
        https://doi.org/10.1119/1.1969248
    
}

}
